<record><leader>00000cas a22000007a 4500</leader><controlfield tag="001">12872939</controlfield><controlfield tag="008">851205d19392010wiuwr ne      0    0eng d</controlfield><controlfield tag="009">3770</controlfield><datafield ind1=" " ind2=" " tag="010"><subfield code="a">sn 85041470 </subfield></datafield><datafield ind1=" " ind2=" " tag="040"><subfield code="a">NPV</subfield><subfield code="b">eng</subfield><subfield code="c">NPV</subfield><subfield code="d">DLC</subfield></datafield><datafield ind1="1" ind2=" " tag="029"><subfield code="a">AU@</subfield><subfield code="b">000025816053</subfield></datafield><datafield ind1=" " ind2=" " tag="042"><subfield code="a">msc</subfield></datafield><datafield ind1="0" ind2="4" tag="245"><subfield code="a">The Arcadia news-leader.</subfield></datafield><datafield ind1="0" ind2="0" tag="246"><subfield code="a">Arcadia news leader</subfield></datafield><datafield ind1=" " ind2=" " tag="260"><subfield code="a">Arcadia, Wis. :</subfield><subfield code="b">A.H. Gauger,</subfield><subfield code="c">1939-</subfield></datafield><datafield ind1=" " ind2=" " tag="300"><subfield code="a">v. :</subfield><subfield code="b">ill.</subfield></datafield><datafield ind1=" " ind2=" " tag="310"><subfield code="a">Weekly</subfield></datafield><datafield ind1="0" ind2=" " tag="362"><subfield code="a">Vol. 68, no. 12 (Nov. 2, 1939)-</subfield></datafield><datafield ind1="1" ind2=" " tag="362"><subfield code="a">Ceased in 2010.</subfield></datafield><datafield ind1=" " ind2=" " tag="500"><subfield code="a">"Official City and County Newspaper."</subfield></datafield><datafield ind1=" " ind2=" " tag="530"><subfield code="a">Available on microfilm from The State Historical Society of Wisconsin.</subfield></datafield><datafield ind1=" " ind2=" " tag="500"><subfield code="a">Editors: B. Pavlicin, Aug. 23, 1973-Aug. 15, 1974; E. Pavlicin, Oct. 25, 1979-June 19, 1980; M. Weber, Jan. 6-Feb. 4, 1982; G. Johnson, Feb. 11, 1982-</subfield></datafield><datafield ind1=" " ind2=" " tag="580"><subfield code="a">Merged with Galesville Republican and The Whitehall times to form Trempealeau County times.</subfield></datafield><datafield ind1=" " ind2=" " tag="752"><subfield code="a">United States</subfield><subfield code="b">Wisconsin</subfield><subfield code="c">Trempealeau</subfield><subfield code="d">Arcadia.</subfield></datafield><datafield ind1="0" ind2="0" tag="780"><subfield code="t">Leader (Arcadia, Wis.)</subfield><subfield code="w">(DLC)sn 84024932</subfield></datafield><datafield ind1="1" ind2="4" tag="785"><subfield code="t">Galesville Republican</subfield><subfield code="w">(DLC)sn 85033128</subfield><subfield code="w">(OCoLC)7435257</subfield></datafield><datafield ind1="1" ind2="4" tag="785"><subfield code="t">Whitehall times (Whitehall, Wis. : 1924)</subfield><subfield code="w">(DLC)sn 85040445</subfield><subfield code="w">(OCoLC)11985740</subfield></datafield><datafield ind1="1" ind2="4" tag="785"><subfield code="t">Trempealeau County times</subfield><subfield code="x">2159-5496</subfield><subfield code="w">(DLC)  2011204319</subfield><subfield code="w">(OCoLC)697836198</subfield></datafield></record>